%main article
@article{Pantelidis,
    author = {Pantelidis, Veronica},
    year = {2009},
    month = {01},
    pages = {},
    title = {Reasons to Use Virtual Reality in Education and Training Courses and a Model to Determine When to Use Virtual Reality},
    volume = {2},
    journal = {Themes in Science and Technology Education}
}

@article{Kerfoot2014,
  doi = {10.1001/jamasurg.2014.1779},
  url = {https://doi.org/10.1001/jamasurg.2014.1779},
  year = {2014},
  month = nov,
  publisher = {American Medical Association ({AMA})},
  volume = {149},
  number = {11},
  pages = {1208},
  author = {B. Price Kerfoot and Nicole Kissane},
  title = {The Use of Gamification to Boost Residents' Engagement in Simulation Training},
  journal = {{JAMA} Surgery}
}

@book{marczewski2013gamification,
  title={Gamification: A Simple Introduction},
  author={Marczewski, A.},
  isbn={9781471798665},
  url={https://books.google.sk/books?id=IOu9kPjlndYC},
  year={2013},
  publisher={Andrzej Marczewski}
}
 